<?xml version="1.0" encoding="UTF-8"?><collection xmlns="http://www.loc.gov/MARC21/slim"><record><leader>00502nam--2200145-i-4500</leader><controlfield tag="001">000023376</controlfield><controlfield tag="002">20161230</controlfield><controlfield tag="005">20161230201035</controlfield><controlfield tag="008">060222s1000------------r-----000-0-eng-d</controlfield><datafield ind1=" " ind2=" " tag="080"><subfield code="a">539.125.5.162.1(047.1):539.125.5.164.078(047.1)</subfield></datafield><datafield ind1=" " ind2=" " tag="100"><subfield code="a">Hiismaki, P., Poyry, H.And Virjo, A</subfield></datafield><datafield ind1=" " ind2=" " tag="245"><subfield code="a">Theory of the reverse method in slow neutron time-of-flight spectrometry</subfield></datafield><datafield ind1=" " ind2=" " tag="260"><subfield code="a">Helsinki, The Finnish Academy Of Technical Sciences, 1973, 49 P</subfield></datafield><datafield ind1=" " ind2=" " tag="490"><subfield code="a">Acta Polytechnica Scandinavica</subfield></datafield><datafield ind1=" " ind2=" " tag="852"><subfield code="a">6365</subfield></datafield></record></collection>